<?xml version="1.0" encoding="utf-8"?>
<record xmlns="http://www.loc.gov/MARC21/slim" xmlns:xsi="http://www.w3.org/2001/XMLSchema-instance" xsi:schemaLocation="http://www.loc.gov/MARC21/slim http://www.loc.gov/standards/marcxml/schema/MARC21slim.xsd">
	<leader>     nam a22     Mi 4500</leader>
	<controlfield tag="001">b12769885</controlfield>
	<controlfield tag="003">LeBAU</controlfield>
	<controlfield tag="006">m        d        </controlfield>
	<controlfield tag="007">cr cn |||m|||a</controlfield>
	<controlfield tag="008">190821s1954    ua      o     ||0 0 ara d</controlfield>
	<datafield ind1=" " ind2=" " tag="040">
		<subfield code="a">ZYU</subfield>
		<subfield code="b">ara</subfield>
		<subfield code="e">rda</subfield>
		<subfield code="c">ZYU</subfield>
	</datafield>
	<datafield ind1="1" ind2=" " tag="041">
		<subfield code="a">ara</subfield>
		<subfield code="h">fre</subfield>
	</datafield>
	<datafield ind1="0" ind2="4" tag="082">
		<subfield code="a">297.1227</subfield>
		<subfield code="2">23</subfield>
	</datafield>
	<datafield ind1="1" ind2=" " tag="100">
		<subfield code="6">880-01</subfield>
		<subfield code="a">Labaume, Jules,</subfield>
		<subfield code="d">1806-1875,</subfield>
		<subfield code="e">author.</subfield>
	</datafield>
	<datafield ind1="1" ind2="0" tag="240">
		<subfield code="a">Koran analysé.</subfield>
		<subfield code="l">Arabic</subfield>
	</datafield>
	<datafield ind1="1" ind2="0" tag="245">
		<subfield code="6">880-02</subfield>
		<subfield code="a">Tafṣīl āyāt al-Qurʼān al-Ḥakīm /</subfield>
		<subfield code="c">waḍaʻahu bi-al-Faransawīyah Jūl Lābūm. Wa-yalīhi al-Mustadrak : wa-huwa fahras mawād al-Qurʼān alladhī waḍaʻahu Idwār Mūntiyīh li-tarjamatihi al-Faransawīyah lil-kitāb al-karīm ; naqalahumā ilá al-ʻArabīyah khādim al-kitāb wa-al-sunnah Muḥammad Fūʼād ʻAbd al-Bāqī.</subfield>
	</datafield>
	<datafield ind1=" " ind2=" " tag="250">
		<subfield code="6">880-03</subfield>
		<subfield code="a">al-Ṭabʻah al-thānīyah.</subfield>
	</datafield>
	<datafield ind1=" " ind2="1" tag="264">
		<subfield code="6">880-04</subfield>
		<subfield code="a">al-Qāhirah :</subfield>
		<subfield code="b">Dār Iḥyāʼ al-Kutub al-ʻArabiyah, ʻĪsá al-Bābī al-Ḥalabī wa-Shurakāh,</subfield>
		<subfield code="c">1373 H. = 1954 M.</subfield>
	</datafield>
	<datafield ind1=" " ind2=" " tag="300">
		<subfield code="6">880-05</subfield>
		<subfield code="a">online resource (675 pages)</subfield>
	</datafield>
	<datafield ind1=" " ind2=" " tag="336">
		<subfield code="a">text</subfield>
		<subfield code="2">rdacontent</subfield>
	</datafield>
	<datafield ind1=" " ind2=" " tag="337">
		<subfield code="a">computer</subfield>
		<subfield code="2">rdamedia</subfield>
	</datafield>
	<datafield ind1=" " ind2=" " tag="338">
		<subfield code="a">online resource</subfield>
		<subfield code="2">rdacarrier</subfield>
	</datafield>
	<datafield ind1=" " ind2=" " tag="500">
		<subfield code="a">ترجمة كتاب: Le Koran analysé.</subfield>
	</datafield>
	<datafield ind1=" " ind2=" " tag="500">
		<subfield code="a">Part of the Arabic Collections Online (ACO) project, contributed by American University of Beirut's Jafet Memorial Library.</subfield>
	</datafield>
	<datafield ind1=" " ind2=" " tag="533">
		<subfield code="a">Electronic reproduction.</subfield>
		<subfield code="b">New York, N.Y. :</subfield>
		<subfield code="c">New York University,</subfield>
		<subfield code="d">2019.</subfield>
		<subfield code="5">NNU</subfield>
	</datafield>
	<datafield ind1="0" ind2="4" tag="630">
		<subfield code="a">قرآن</subfield>
		<subfield code="x">تفسير وتأويل.</subfield>
	</datafield>
	<datafield ind1="0" ind2="4" tag="630">
		<subfield code="a">قرآن</subfield>
		<subfield code="v">كشافات.</subfield>
	</datafield>
	<datafield ind1="0" ind2="0" tag="630">
		<subfield code="a">Qur'an</subfield>
		<subfield code="x">Hermeneutics.</subfield>
	</datafield>
	<datafield ind1="0" ind2="0" tag="630">
		<subfield code="a">Qur'an</subfield>
		<subfield code="v">Indexes.</subfield>
	</datafield>
	<datafield ind1="1" ind2="2" tag="700">
		<subfield code="6">880-06</subfield>
		<subfield code="a">Montet, Edouard Louis,</subfield>
		<subfield code="d">1856-1934.</subfield>
		<subfield code="t">Mustadrak.</subfield>
	</datafield>
	<datafield ind1="1" ind2=" " tag="700">
		<subfield code="6">880-07</subfield>
		<subfield code="a">ʻAbd al-Bāqī, Muḥammad Fuʼād,</subfield>
		<subfield code="e">translator.</subfield>
	</datafield>
	<datafield ind1="2" ind2=" " tag="710">
		<subfield code="a">Jafet Memorial Library.</subfield>
	</datafield>
	<datafield ind1="0" ind2=" " tag="730">
		<subfield code="a">Arabic Collections Online.</subfield>
	</datafield>
	<datafield ind1="0" ind2="8" tag="775">
		<subfield code="6">880-08</subfield>
		<subfield code="i">has designation of a named revision of an edition</subfield>
		<subfield code="4">http://rdaregistry.info/Elements/m/P30132 :</subfield>
		<subfield code="t">Tafṣīl āyāt al-Qurʼān al-Ḥakīm.</subfield>
		<subfield code="b">al-Ṭabʻah al-thānīyah, ṭabʻah jadīdah muṣaḥḥaḥah wa-munaqqaḥah.</subfield>
		<subfield code="d">Bayrūt, Lubnān : Dār al-Kitāb al-ʻArabī, 1969</subfield>
		<subfield code="w">b18278140</subfield>
	</datafield>
	<datafield ind1="0" ind2="8" tag="776">
		<subfield code="i">Print version:</subfield>
		<subfield code="a">Labaume, Jules, 1806-1875, author.</subfield>
		<subfield code="t">Tafṣīl āyāt al-Qurʼān al-Ḥakīm</subfield>
		<subfield code="w">(LeBAU)b12769885</subfield>
	</datafield>
	<datafield ind1="4" ind2="0" tag="856">
		<subfield code="u">http://hdl.handle.net/2333.1/7sqvb1sx</subfield>
	</datafield>
	<datafield ind1="1" ind2=" " tag="880">
		<subfield code="6">100-01</subfield>
		<subfield code="a">لابوم، جول،</subfield>
		<subfield code="d">1806-1875،</subfield>
		<subfield code="e">مؤلف. </subfield>
		<subfield code="4">aut.</subfield>
	</datafield>
	<datafield ind1="1" ind2="0" tag="880">
		<subfield code="6">245-02</subfield>
		<subfield code="a">تفصيل آيات القرآن الحكيم /</subfield>
		<subfield code="c">وضعه بالفرنسوية چول لابوم. ويليه المستدرك : وهو فهرس مواد القرآن الذي وضعه إدوار مونتيه لترجمته الفرنسوية للكتاب الكريم ؛ نقلهما إلى العربية خادم الكتاب والسنة محمد فؤاد عبد الباقي.</subfield>
	</datafield>
	<datafield ind1=" " ind2=" " tag="880">
		<subfield code="6">250-03</subfield>
		<subfield code="a">الطبعة الثانية.</subfield>
	</datafield>
	<datafield ind1=" " ind2="1" tag="880">
		<subfield code="6">264-04</subfield>
		<subfield code="a">القاهرة :</subfield>
		<subfield code="b">دار إحياء الكتب العربية، عيسى البابي الحلبي وشركاه،</subfield>
		<subfield code="c">1373 هـ. = 1954 م.</subfield>
	</datafield>
	<datafield ind1=" " ind2=" " tag="880">
		<subfield code="6">300-05</subfield>
		<subfield code="a">675 صفحة ؛</subfield>
		<subfield code="c">30 سم</subfield>
	</datafield>
	<datafield ind1="1" ind2=" " tag="880">
		<subfield code="6">700-06</subfield>
		<subfield code="a">مونتيه، ادوار لويس،</subfield>
		<subfield code="d">1856-1934.</subfield>
		<subfield code="t">المستدرك.</subfield>
	</datafield>
	<datafield ind1="1" ind2=" " tag="880">
		<subfield code="6">700-07</subfield>
		<subfield code="a">عبد الباقي، محمد فؤاد،</subfield>
		<subfield code="e">مترجم. </subfield>
		<subfield code="4">trl.</subfield>
	</datafield>
	<datafield ind1="0" ind2="8" tag="880">
		<subfield code="6">775-08</subfield>
		<subfield code="i">دلالة على طبعة منقحة</subfield>
		<subfield code="4">http://rdaregistry.info/Elements/m/P30132 :</subfield>
		<subfield code="t">تفصيل آيات القرآن الحكيم.</subfield>
		<subfield code="b">الطبعة الثانية، طبعة جديدة مصححة ومنقحة.</subfield>
		<subfield code="d">بيروت، لبنان : دار الكتاب العربي، 1969</subfield>
		<subfield code="w">b18278140</subfield>
	</datafield>
	<datafield ind1=" " ind2=" " tag="959">
		<subfield code="a">NNU</subfield>
		<subfield code="b">WEB</subfield>
		<subfield code="c">GENI</subfield>
		<subfield code="t">0</subfield>
		<subfield code="m">Electronic access</subfield>
		<subfield code="s">01</subfield>
	</datafield>
	<datafield ind1=" " ind2=" " tag="999">
		<subfield code="i">LeBAU_b12769885</subfield>
		<subfield code="s">aub_aco002930</subfield>
		<subfield code="e">(ERROR-880)(ERROR-MISC)</subfield>
	</datafield>
</record>
